@article{oneMax,
  title = {OneMax is not the Easiest Function for Fitness Improvements},
  author = {Marc Kaufmann, Maxime Larcher, Johannes Lengler, Xun Zou},
  pages = {97--111},
  year = {2024},
  publisher = {2024 Massachusetts Institute of Technology},
}
